
@Book{LRS_additional,
  author =		 {А.Б. Лось and Ф.Ю. Нестеренко and М.И. Рожков},
  title = 		 {Криптографические методы защиты информации},
  publisher = 	 {М., Юрайт},
  pagetotal = {473},
  year = 		 {2016},
  language =     "russian"
}

@online{hse:Teoria_Gener,
  author = {М.И. Рожков},
  title = {Теория линейных рекуррентных последовательностей},
  year = {2021},
  url = {https://github.com/jerrydie/tex/blob/main/Teoria_Gener_Rozh.docx.pdf},
  urldate = {03.12.2021},
  language = "russian"
}


